<record><leader>00000cas a22000007a 4500</leader><controlfield tag="001">13001664</controlfield><controlfield tag="008">860110d18831961wiuwr ne      0    0eng d</controlfield><datafield ind1=" " ind2=" " tag="010"><subfield code="a">sn 86086025 </subfield></datafield><datafield ind1=" " ind2=" " tag="040"><subfield code="a">NPV</subfield><subfield code="b">eng</subfield><subfield code="c">NPV</subfield><subfield code="d">OCLCQ</subfield></datafield><datafield ind1=" " ind2=" " tag="042"><subfield code="a">msc</subfield></datafield><datafield ind1=" " ind2=" " tag="045"><subfield code="a">w8x6</subfield></datafield><datafield ind1=" " ind2=" " tag="052"><subfield code="a">4123</subfield><subfield code="b">W7</subfield></datafield><datafield ind1="0" ind2=" " tag="130"><subfield code="a">Sun (Plainfield, Wis.)</subfield></datafield><datafield ind1="1" ind2="4" tag="245"><subfield code="a">The sun.</subfield></datafield><datafield ind1="1" ind2="3" tag="246"><subfield code="a">Plainfield sun</subfield></datafield><datafield ind1=" " ind2=" " tag="260"><subfield code="a">Plainfield, Waushara County, Wis. :</subfield><subfield code="b">L.W. Chapman,</subfield><subfield code="c">1883-1961.</subfield></datafield><datafield ind1=" " ind2=" " tag="300"><subfield code="a">78 v. :</subfield><subfield code="b">ill.</subfield></datafield><datafield ind1=" " ind2=" " tag="310"><subfield code="a">Weekly</subfield></datafield><datafield ind1="0" ind2=" " tag="362"><subfield code="a">Vol. 1, no. 1 (Nov. 23, 1883)-v. 78, no. 21 (Feb. 23, 1961).</subfield></datafield><datafield ind1=" " ind2=" " tag="500"><subfield code="a">Publisher varies.</subfield></datafield><datafield ind1=" " ind2=" " tag="500"><subfield code="a">Editors: L.W. Chapman, Nov. 23, 1883-May 17, 1907; B. Johnson &amp; W.H. Fields, May 24, 1907-Jan. 24, 1913; W.H. Fields, Jan. 14, 1916-Jan. 5, 1934; M.K. Fields, Jan. 11, 1934-May 3, 1951; E. Marolla, May 10, 1951-June 26, 1958; C. &amp; L. Webster, July 3-Oct. 30, 1958; R. Glaman, Nov. 6, 1958-March 17, 1960; R.J. Harrison, Feb. 2-Feb. 23, 1961.</subfield></datafield><datafield ind1=" " ind2=" " tag="525"><subfield code="a">Supplements accompany some issues.</subfield></datafield><datafield ind1=" " ind2=" " tag="530"><subfield code="a">Available on microfilm from The State Historical Society of Wisconsin.</subfield></datafield><datafield ind1=" " ind2=" " tag="752"><subfield code="a">United States</subfield><subfield code="b">Wisconsin</subfield><subfield code="c">Waushara</subfield><subfield code="d">Plainfield.</subfield></datafield><datafield ind1="0" ind2="7" tag="785"><subfield code="t">Hancock-Coloma news</subfield><subfield code="w">(DLC)sn 85040633</subfield></datafield><datafield ind1="0" ind2="7" tag="785"><subfield code="t">Sun-news press</subfield><subfield code="w">(DLC)sn 86086026</subfield></datafield><datafield ind1="1" ind2=" " tag="029"><subfield code="a">AU@</subfield><subfield code="b">000025822411</subfield></datafield></record>